<record><leader>00000cas a2200000 a 4500</leader><controlfield tag="001">9361469</controlfield><controlfield tag="008">830330d18581910miucr ne      0    0eng c</controlfield><datafield ind1=" " ind2=" " tag="010"><subfield code="a">sn 83025276 </subfield></datafield><datafield ind1=" " ind2=" " tag="040"><subfield code="a">NPV</subfield><subfield code="b">eng</subfield><subfield code="c">NPV</subfield><subfield code="d">NPU</subfield><subfield code="d">NPX</subfield><subfield code="d">NPI</subfield><subfield code="d">MHN</subfield><subfield code="d">OCL</subfield><subfield code="d">OCLCQ</subfield><subfield code="d">OCLCF</subfield><subfield code="d">OCLCO</subfield></datafield><datafield ind1="1" ind2=" " tag="029"><subfield code="a">AU@</subfield><subfield code="b">000020399177</subfield></datafield><datafield ind1=" " ind2=" " tag="042"><subfield code="a">pcc</subfield></datafield><datafield ind1=" " ind2=" " tag="043"><subfield code="a">n-us-mi</subfield></datafield><datafield ind1=" " ind2=" " tag="045"><subfield code="a">w8x0</subfield></datafield><datafield ind1=" " ind2=" " tag="052"><subfield code="a">4113</subfield><subfield code="b">G7</subfield></datafield><datafield ind1="0" ind2="0" tag="245"><subfield code="a">Grand Traverse herald.</subfield></datafield><datafield ind1="1" ind2="3" tag="246"><subfield code="a">Grand Traverse herald. And Traverse City transcript-consolidated.</subfield><subfield code="f">1897:12:16-1898:4:7</subfield></datafield><datafield ind1=" " ind2=" " tag="260"><subfield code="a">Traverse City, Mich. :</subfield><subfield code="b">Morgan Bates,</subfield><subfield code="c">1858-</subfield></datafield><datafield ind1=" " ind2=" " tag="300"><subfield code="a">v. ;</subfield><subfield code="c">51-67 cm.</subfield></datafield><datafield ind1=" " ind2=" " tag="310"><subfield code="a">Semiweekly,</subfield><subfield code="b">Mar. 3, 1908-</subfield></datafield><datafield ind1=" " ind2=" " tag="321"><subfield code="a">Weekly,</subfield><subfield code="b">Nov. 3, 1858-Feb. 27, 1908</subfield></datafield><datafield ind1="0" ind2=" " tag="362"><subfield code="a">Vol. 1, no. 1 (Nov. 3, 1858)-v. 51, no. 86 (Oct. 27, 1910).</subfield></datafield><datafield ind1=" " ind2=" " tag="500"><subfield code="a">Editors: Morgan Bates, &lt;1858&gt;; Dewitt C. Leach, &lt;1873-1876&gt;; Thomas T. Bates, &lt;1876&gt;.</subfield></datafield><datafield ind1=" " ind2=" " tag="500"><subfield code="a">Publishers: Morgan Bates, &lt;1858&gt;; Dewitt C. Leach, &lt;1873-1876&gt;; Morgan Bates, &lt;1876&gt;.</subfield></datafield><datafield ind1=" " ind2=" " tag="500"><subfield code="a">"Republican," &lt;1876&gt;.</subfield></datafield><datafield ind1=" " ind2=" " tag="580"><subfield code="a">Absorbed: Traverse City transcript?</subfield></datafield><datafield ind1=" " ind2=" " tag="580"><subfield code="a">Merged with: Traverse Bay eagle, to form: Grand Traverse herald and Traverse Bay eagle.</subfield></datafield><datafield ind1=" " ind2=" " tag="588"><subfield code="a">Latest issue consulted: Vol. 47, no. 47 (Nov. 23, 1905).</subfield></datafield><datafield ind1=" " ind2="0" tag="651"><subfield code="a">Traverse City (Mich.)</subfield><subfield code="v">Newspapers.</subfield></datafield><datafield ind1=" " ind2="0" tag="651"><subfield code="a">Grand Traverse County (Mich.)</subfield><subfield code="v">Newspapers.</subfield></datafield><datafield ind1=" " ind2="7" tag="655"><subfield code="a">Newspapers.</subfield><subfield code="2">fast</subfield><subfield code="0">(OCoLC)fst01423814</subfield></datafield><datafield ind1=" " ind2="7" tag="651"><subfield code="a">Michigan</subfield><subfield code="z">Grand Traverse County.</subfield><subfield code="2">fast</subfield><subfield code="0">(OCoLC)fst01213214</subfield></datafield><datafield ind1=" " ind2="7" tag="651"><subfield code="a">Michigan</subfield><subfield code="z">Traverse City.</subfield><subfield code="2">fast</subfield><subfield code="0">(OCoLC)fst01204295</subfield></datafield><datafield ind1="1" ind2=" " tag="700"><subfield code="a">Bates, Morgan.</subfield></datafield><datafield ind1=" " ind2=" " tag="752"><subfield code="a">United States</subfield><subfield code="b">Michigan</subfield><subfield code="c">Grand Traverse</subfield><subfield code="d">Traverse City.</subfield></datafield><datafield ind1="0" ind2=" " tag="775"><subfield code="t">Morning record (Traverse City, Mich.)</subfield><subfield code="w">(DLC)sn 97063206</subfield><subfield code="w">(OCoLC)36381802</subfield></datafield><datafield ind1="0" ind2=" " tag="775"><subfield code="t">Evening record (Traverse City, Mich.)</subfield><subfield code="w">(DLC)sn 85038708</subfield><subfield code="w">(OCoLC)13440154</subfield></datafield><datafield ind1="1" ind2="4" tag="780"><subfield code="t">Traverse City transcript</subfield><subfield code="w">(DLC)sn 98066343</subfield><subfield code="w">(OCoLC)39487447</subfield></datafield><datafield ind1="1" ind2="7" tag="785"><subfield code="t">Traverse Bay eagle</subfield><subfield code="w">(DLC)sn 85026587</subfield><subfield code="w">(OCoLC)12288596</subfield></datafield><datafield ind1="1" ind2="7" tag="785"><subfield code="t">Grand Traverse herald and Traverse Bay eagle</subfield><subfield code="w">(DLC)sn 97063201</subfield><subfield code="w">(OCoLC)36369713</subfield></datafield></record>